%YAML 1.1
%TAG !u! tag:unity3d.com,2011:
--- !u!1 &8912620587556210148
GameObject:
  m_ObjectHideFlags: 0
  m_CorrespondingSourceObject: {fileID: 0}
  m_PrefabInstance: {fileID: 0}
  m_PrefabAsset: {fileID: 0}
  serializedVersion: 6
  m_Component:
  - component: {fileID: 7726252191638423458}
  m_Layer: 0
  m_Name: ShelfBoxes S
  m_TagString: Untagged
  m_Icon: {fileID: 0}
  m_NavMeshLayer: 0
  m_StaticEditorFlags: 4294967295
  m_IsActive: 1
--- !u!4 &7726252191638423458
Transform:
  m_ObjectHideFlags: 0
  m_CorrespondingSourceObject: {fileID: 0}
  m_PrefabInstance: {fileID: 0}
  m_PrefabAsset: {fileID: 0}
  m_GameObject: {fileID: 8912620587556210148}
  m_LocalRotation: {x: 0, y: 0, z: 0, w: 1}
  m_LocalPosition: {x: 0, y: 0, z: 0}
  m_LocalScale: {x: 1, y: 1, z: 1}
  m_Children:
  - {fileID: 2049301538379424754}
  - {fileID: 6654419465056332431}
  - {fileID: 6299410894408764945}
  m_Father: {fileID: 0}
  m_RootOrder: 0
  m_LocalEulerAnglesHint: {x: 0, y: 0, z: 0}
--- !u!1001 &3801882478702444656
PrefabInstance:
  m_ObjectHideFlags: 0
  serializedVersion: 2
  m_Modification:
    m_TransformParent: {fileID: 7726252191638423458}
    m_Modifications:
    - target: {fileID: 7234477769424894080, guid: 63b7db11ce50b4f40814be457e68e575,
        type: 3}
      propertyPath: m_Name
      value: Box Static 2
      objectReference: {fileID: 0}
    - target: {fileID: 7537830365184387839, guid: 63b7db11ce50b4f40814be457e68e575,
        type: 3}
      propertyPath: m_LocalPosition.x
      value: -0.037
      objectReference: {fileID: 0}
    - target: {fileID: 7537830365184387839, guid: 63b7db11ce50b4f40814be457e68e575,
        type: 3}
      propertyPath: m_LocalPosition.y
      value: 0.027
      objectReference: {fileID: 0}
    - target: {fileID: 7537830365184387839, guid: 63b7db11ce50b4f40814be457e68e575,
        type: 3}
      propertyPath: m_LocalPosition.z
      value: -0.011999993
      objectReference: {fileID: 0}
    - target: {fileID: 7537830365184387839, guid: 63b7db11ce50b4f40814be457e68e575,
        type: 3}
      propertyPath: m_LocalRotation.x
      value: -0.000000081460335
      objectReference: {fileID: 0}
    - target: {fileID: 7537830365184387839, guid: 63b7db11ce50b4f40814be457e68e575,
        type: 3}
      propertyPath: m_LocalRotation.y
      value: -0
      objectReference: {fileID: 0}
    - target: {fileID: 7537830365184387839, guid: 63b7db11ce50b4f40814be457e68e575,
        type: 3}
      propertyPath: m_LocalRotation.z
      value: -0
      objectReference: {fileID: 0}
    - target: {fileID: 7537830365184387839, guid: 63b7db11ce50b4f40814be457e68e575,
        type: 3}
      propertyPath: m_LocalRotation.w
      value: 1
      objectReference: {fileID: 0}
    - target: {fileID: 7537830365184387839, guid: 63b7db11ce50b4f40814be457e68e575,
        type: 3}
      propertyPath: m_RootOrder
      value: 1
      objectReference: {fileID: 0}
    - target: {fileID: 7537830365184387839, guid: 63b7db11ce50b4f40814be457e68e575,
        type: 3}
      propertyPath: m_LocalEulerAnglesHint.x
      value: 0
      objectReference: {fileID: 0}
    - target: {fileID: 7537830365184387839, guid: 63b7db11ce50b4f40814be457e68e575,
        type: 3}
      propertyPath: m_LocalEulerAnglesHint.y
      value: 0
      objectReference: {fileID: 0}
    - target: {fileID: 7537830365184387839, guid: 63b7db11ce50b4f40814be457e68e575,
        type: 3}
      propertyPath: m_LocalEulerAnglesHint.z
      value: 0
      objectReference: {fileID: 0}
    - target: {fileID: 7537830365184387839, guid: 63b7db11ce50b4f40814be457e68e575,
        type: 3}
      propertyPath: m_LocalScale.x
      value: 0.064
      objectReference: {fileID: 0}
    - target: {fileID: 7537830365184387839, guid: 63b7db11ce50b4f40814be457e68e575,
        type: 3}
      propertyPath: m_LocalScale.y
      value: 0.01
      objectReference: {fileID: 0}
    - target: {fileID: 7537830365184387839, guid: 63b7db11ce50b4f40814be457e68e575,
        type: 3}
      propertyPath: m_LocalScale.z
      value: 0.021
      objectReference: {fileID: 0}
    m_RemovedComponents: []
  m_SourcePrefab: {fileID: 100100000, guid: 63b7db11ce50b4f40814be457e68e575, type: 3}
--- !u!4 &6654419465056332431 stripped
Transform:
  m_CorrespondingSourceObject: {fileID: 7537830365184387839, guid: 63b7db11ce50b4f40814be457e68e575,
    type: 3}
  m_PrefabInstance: {fileID: 3801882478702444656}
  m_PrefabAsset: {fileID: 0}
--- !u!1001 &4609363929368503534
PrefabInstance:
  m_ObjectHideFlags: 0
  serializedVersion: 2
  m_Modification:
    m_TransformParent: {fileID: 7726252191638423458}
    m_Modifications:
    - target: {fileID: 7234477769424894080, guid: 63b7db11ce50b4f40814be457e68e575,
        type: 3}
      propertyPath: m_Name
      value: Box Static 3
      objectReference: {fileID: 0}
    - target: {fileID: 7537830365184387839, guid: 63b7db11ce50b4f40814be457e68e575,
        type: 3}
      propertyPath: m_LocalPosition.x
      value: -0.011
      objectReference: {fileID: 0}
    - target: {fileID: 7537830365184387839, guid: 63b7db11ce50b4f40814be457e68e575,
        type: 3}
      propertyPath: m_LocalPosition.y
      value: 0.007
      objectReference: {fileID: 0}
    - target: {fileID: 7537830365184387839, guid: 63b7db11ce50b4f40814be457e68e575,
        type: 3}
      propertyPath: m_LocalPosition.z
      value: -0.0120000085
      objectReference: {fileID: 0}
    - target: {fileID: 7537830365184387839, guid: 63b7db11ce50b4f40814be457e68e575,
        type: 3}
      propertyPath: m_LocalRotation.x
      value: -0.000000081460335
      objectReference: {fileID: 0}
    - target: {fileID: 7537830365184387839, guid: 63b7db11ce50b4f40814be457e68e575,
        type: 3}
      propertyPath: m_LocalRotation.y
      value: -0
      objectReference: {fileID: 0}
    - target: {fileID: 7537830365184387839, guid: 63b7db11ce50b4f40814be457e68e575,
        type: 3}
      propertyPath: m_LocalRotation.z
      value: -0
      objectReference: {fileID: 0}
    - target: {fileID: 7537830365184387839, guid: 63b7db11ce50b4f40814be457e68e575,
        type: 3}
      propertyPath: m_LocalRotation.w
      value: 1
      objectReference: {fileID: 0}
    - target: {fileID: 7537830365184387839, guid: 63b7db11ce50b4f40814be457e68e575,
        type: 3}
      propertyPath: m_RootOrder
      value: 2
      objectReference: {fileID: 0}
    - target: {fileID: 7537830365184387839, guid: 63b7db11ce50b4f40814be457e68e575,
        type: 3}
      propertyPath: m_LocalEulerAnglesHint.x
      value: 0
      objectReference: {fileID: 0}
    - target: {fileID: 7537830365184387839, guid: 63b7db11ce50b4f40814be457e68e575,
        type: 3}
      propertyPath: m_LocalEulerAnglesHint.y
      value: 0
      objectReference: {fileID: 0}
    - target: {fileID: 7537830365184387839, guid: 63b7db11ce50b4f40814be457e68e575,
        type: 3}
      propertyPath: m_LocalEulerAnglesHint.z
      value: 0
      objectReference: {fileID: 0}
    - target: {fileID: 7537830365184387839, guid: 63b7db11ce50b4f40814be457e68e575,
        type: 3}
      propertyPath: m_LocalScale.x
      value: 0.02
      objectReference: {fileID: 0}
    - target: {fileID: 7537830365184387839, guid: 63b7db11ce50b4f40814be457e68e575,
        type: 3}
      propertyPath: m_LocalScale.y
      value: 0.01
      objectReference: {fileID: 0}
    - target: {fileID: 7537830365184387839, guid: 63b7db11ce50b4f40814be457e68e575,
        type: 3}
      propertyPath: m_LocalScale.z
      value: 0.016
      objectReference: {fileID: 0}
    m_RemovedComponents: []
  m_SourcePrefab: {fileID: 100100000, guid: 63b7db11ce50b4f40814be457e68e575, type: 3}
--- !u!4 &6299410894408764945 stripped
Transform:
  m_CorrespondingSourceObject: {fileID: 7537830365184387839, guid: 63b7db11ce50b4f40814be457e68e575,
    type: 3}
  m_PrefabInstance: {fileID: 4609363929368503534}
  m_PrefabAsset: {fileID: 0}
--- !u!1001 &8424920039730415885
PrefabInstance:
  m_ObjectHideFlags: 0
  serializedVersion: 2
  m_Modification:
    m_TransformParent: {fileID: 7726252191638423458}
    m_Modifications:
    - target: {fileID: 7234477769424894080, guid: 63b7db11ce50b4f40814be457e68e575,
        type: 3}
      propertyPath: m_Name
      value: Box Static
      objectReference: {fileID: 0}
    - target: {fileID: 7537830365184387839, guid: 63b7db11ce50b4f40814be457e68e575,
        type: 3}
      propertyPath: m_LocalPosition.x
      value: -0.047
      objectReference: {fileID: 0}
    - target: {fileID: 7537830365184387839, guid: 63b7db11ce50b4f40814be457e68e575,
        type: 3}
      propertyPath: m_LocalPosition.y
      value: 0.01
      objectReference: {fileID: 0}
    - target: {fileID: 7537830365184387839, guid: 63b7db11ce50b4f40814be457e68e575,
        type: 3}
      propertyPath: m_LocalPosition.z
      value: -0.01199999
      objectReference: {fileID: 0}
    - target: {fileID: 7537830365184387839, guid: 63b7db11ce50b4f40814be457e68e575,
        type: 3}
      propertyPath: m_LocalRotation.x
      value: -0.000000081460335
      objectReference: {fileID: 0}
    - target: {fileID: 7537830365184387839, guid: 63b7db11ce50b4f40814be457e68e575,
        type: 3}
      propertyPath: m_LocalRotation.y
      value: -0
      objectReference: {fileID: 0}
    - target: {fileID: 7537830365184387839, guid: 63b7db11ce50b4f40814be457e68e575,
        type: 3}
      propertyPath: m_LocalRotation.z
      value: -0
      objectReference: {fileID: 0}
    - target: {fileID: 7537830365184387839, guid: 63b7db11ce50b4f40814be457e68e575,
        type: 3}
      propertyPath: m_LocalRotation.w
      value: 1
      objectReference: {fileID: 0}
    - target: {fileID: 7537830365184387839, guid: 63b7db11ce50b4f40814be457e68e575,
        type: 3}
      propertyPath: m_RootOrder
      value: 0
      objectReference: {fileID: 0}
    - target: {fileID: 7537830365184387839, guid: 63b7db11ce50b4f40814be457e68e575,
        type: 3}
      propertyPath: m_LocalEulerAnglesHint.x
      value: 0
      objectReference: {fileID: 0}
    - target: {fileID: 7537830365184387839, guid: 63b7db11ce50b4f40814be457e68e575,
        type: 3}
      propertyPath: m_LocalEulerAnglesHint.y
      value: 0
      objectReference: {fileID: 0}
    - target: {fileID: 7537830365184387839, guid: 63b7db11ce50b4f40814be457e68e575,
        type: 3}
      propertyPath: m_LocalEulerAnglesHint.z
      value: 0
      objectReference: {fileID: 0}
    - target: {fileID: 7537830365184387839, guid: 63b7db11ce50b4f40814be457e68e575,
        type: 3}
      propertyPath: m_LocalScale.x
      value: 0.05
      objectReference: {fileID: 0}
    - target: {fileID: 7537830365184387839, guid: 63b7db11ce50b4f40814be457e68e575,
        type: 3}
      propertyPath: m_LocalScale.y
      value: 0.016
      objectReference: {fileID: 0}
    - target: {fileID: 7537830365184387839, guid: 63b7db11ce50b4f40814be457e68e575,
        type: 3}
      propertyPath: m_LocalScale.z
      value: 0.016
      objectReference: {fileID: 0}
    m_RemovedComponents: []
  m_SourcePrefab: {fileID: 100100000, guid: 63b7db11ce50b4f40814be457e68e575, type: 3}
--- !u!4 &2049301538379424754 stripped
Transform:
  m_CorrespondingSourceObject: {fileID: 7537830365184387839, guid: 63b7db11ce50b4f40814be457e68e575,
    type: 3}
  m_PrefabInstance: {fileID: 8424920039730415885}
  m_PrefabAsset: {fileID: 0}
